@thesis{jonkhout2016,
  type = {bathesis},
  title = {Traveling Wave Solutions of Reaction-Diffusion Equations in Population Dynamics},
  author = {Jonkhout, C. J. H.},
  date = {2016-07-27},
  institution = {Mathematical Institute, University of Leiden},
  location = {Leiden},
  langid = {english},
  pagetotal = {34},
  file = {/home/kunzaatko/Zotero/storage/X2BNFJVF/Jonkhout - Traveling wave solutions of reaction-diﬀusion equa.pdf}
}
% == BibLateX quality report for jonkhout2016:
% ? unused Library catalog ("Zotero")
% ? unused Type ("Bachelor")

@incollection{kolmogorov1937a,
  title = {A {{Study}} of the {{Diffusion Equation}} with {{Increase}} in the {{Amount}} of {{Substance}}, and Its {{Application}} to a {{Biological Problem}}},
  booktitle = {Selected Works of {{A}}. {{N}}. {{Kolmogorov}}},
  author = {Kolmogorov, Andrej Nikolaevič},
  editor = {Tikhomirov, V.M.},
  translator = {Volosov, V.M.},
  date = {1937},
  series = {Mathematics and Its Applications {{Soviet}} Series},
  pages = {242--270},
  publisher = {Kluwer},
  location = {Dordrecht},
  isbn = {978-90-277-2795-4},
  langid = {english},
  keywords = {MBM}
}
% == BibLateX quality report for kolmogorov1937a:
% ? unused Library catalog ("K10plus ISBN")

@book{kolmogorov1991,
  title = {Selected Works of {{A}}. {{N}}. {{Kolmogorov}}},
  author = {Kolmogorov, Andrej Nikolaevič},
  editor = {Tikhomirov, V.M.},
  translator = {Volosov, V.M.},
  date = {1991},
  series = {Mathematics and Its Applications {{Soviet}} Series},
  publisher = {Kluwer},
  location = {Dordrecht},
  isbn = {978-90-277-2795-4},
  langid = {english},
  keywords = {MBM},
  file = {/home/kunzaatko/Zotero/storage/QD26CME4/Kolmogorov and Kolmogorov - 1991 - Selected works of A. N. Kolmogorov.pdf}
}
% == BibLateX quality report for kolmogorov1991:
% ? unused Library catalog ("K10plus ISBN")

@book{krbalek2019,
  title = {Matematická analýza III},
  author = {Krbálek, Milan},
  date = {2019},
  edition = {4. přepracované vydání},
  publisher = {České vysoké učení technické},
  location = {V Praze},
  isbn = {978-80-01-06663-8},
  langid = {czech},
  annotation = {OCLC: 1199990008}
}
% == BibLateX quality report for krbalek2019:
% ? unused Library catalog ("Open WorldCat")

@inreference{wikipedia-Allee-effect,
  title = {Allee Effect},
  booktitle = {Wikipedia},
  date = {2024-02-06T19:42:49Z},
  url = {https://en.wikipedia.org/w/index.php?title=Allee_effect&oldid=1204264475},
  urldate = {2024-06-25},
  abstract = {The Allee effect is a phenomenon in biology characterized by a correlation between population size or density and the mean individual fitness (often measured as per capita population growth rate) of a population or species.},
  langid = {english},
  annotation = {Page Version ID: 1204264475}
}
% == BibLateX quality report for wikipedia-Allee-effect:
% Missing required field 'author'
% Missing required field 'editor'

@inreference{wikipedia-KPP-Fisher,
  title = {{{KPP}}–{{Fisher}} Equation},
  booktitle = {Wikipedia},
  date = {2024-04-13T09:21:34Z},
  url = {https://en.wikipedia.org/w/index.php?title=KPP%E2%80%93Fisher_equation&oldid=1218705752},
  urldate = {2024-06-16},
  abstract = {In mathematics, KPP–Fisher equation (named after Andrey Kolmogorov, Ivan Petrovsky, Nikolai Piskunov and Ronald Fisher) also known as the KPP equation, Fisher equation or Fisher–KPP equation is the partial differential equation:It is a kind of reaction–diffusion system that can be used to model population growth and wave propagation.},
  langid = {english},
  annotation = {Page Version ID: 1218705752}
}
% == BibLateX quality report for wikipedia-KPP-Fisher:
% Missing required field 'author'
% Missing required field 'editor'
